<?xml version="1.0" encoding="UTF-8"?><record xmlns="http://www.loc.gov/MARC21/slim" xmlns:cinclude="http://apache.org/cocoon/include/1.0" xmlns:zs="http://www.loc.gov/zing/srw/">
  <leader>01098cz  a2200253n  4500</leader>
  <controlfield tag="001">no2003004445</controlfield>
  <controlfield tag="003">DLC</controlfield>
  <controlfield tag="005">20080410080108.0</controlfield>
  <controlfield tag="008">030115n| acannaabn          |a aaa     c</controlfield>
  <datafield tag="010" ind1=" " ind2=" ">
    <subfield code="a">no2003004445</subfield>
    <subfield code="z">nb2002056557</subfield>
  </datafield>
  <datafield tag="035" ind1=" " ind2=" ">
    <subfield code="a">(OCoLC)oca05950657</subfield>
  </datafield>
  <datafield tag="040" ind1=" " ind2=" ">
    <subfield code="a">OCl</subfield>
    <subfield code="b">eng</subfield>
    <subfield code="c">OCl</subfield>
    <subfield code="d">DLC</subfield>
    <subfield code="d">Uk</subfield>
    <subfield code="d">DLC</subfield>
    <subfield code="d">IAhCCS</subfield>
    <subfield code="d">OCoLC</subfield>
    <subfield code="d">DLC</subfield>
    <subfield code="d">CSt</subfield>
  </datafield>
  <datafield tag="100" ind1="1" ind2=" ">
    <subfield code="a">Baron Cohen, Sacha,</subfield>
    <subfield code="d">1971-</subfield>
  </datafield>
  <datafield tag="400" ind1="1" ind2=" ">
    <subfield code="a">Cohen, Sacha Baron,</subfield>
    <subfield code="d">1971-</subfield>
  </datafield>
  <datafield tag="400" ind1="1" ind2=" ">
    <subfield code="w">nne</subfield>
    <subfield code="a">G, Ali</subfield>
  </datafield>
  <datafield tag="400" ind1="1" ind2=" ">
    <subfield code="a">G., Ali,</subfield>
    <subfield code="d">1971-</subfield>
  </datafield>
  <datafield tag="400" ind1="0" ind2=" ">
    <subfield code="a">Ali G.,</subfield>
    <subfield code="d">1971-</subfield>
  </datafield>
  <datafield tag="400" ind1="1" ind2=" ">
    <subfield code="a">Sagdiyev, Borat,</subfield>
    <subfield code="d">1971-</subfield>
  </datafield>
  <datafield tag="400" ind1="0" ind2=" ">
    <subfield code="a">Borat,</subfield>
    <subfield code="d">1971-</subfield>
  </datafield>
  <datafield tag="400" ind1="1" ind2=" ">
    <subfield code="a">Graham, Alistair,</subfield>
    <subfield code="d">1971-</subfield>
  </datafield>
  <datafield tag="670" ind1=" " ind2=" ">
    <subfield code="a">The gospel according to Ali G, 2003:</subfield>
    <subfield code="b">t.p. (Ali G) copyr. (Sacha Baron Cohen)</subfield>
  </datafield>
  <datafield tag="670" ind1=" " ind2=" ">
    <subfield code="a">IMDb, July 7, 2005</subfield>
    <subfield code="b">(Sacha Baron Cohen, b. Oct. 13, 1971; plays Ali G, Borat and BruĚno on "Da Ali G. Show" ...; cousin, Simon Baron Cohen)</subfield>
  </datafield>
  <datafield tag="670" ind1=" " ind2=" ">
    <subfield code="a">Hines, Ant. Borat, 2007:</subfield>
    <subfield code="b">t.p. (Borat; Borat Sagdiyev) p. facing t.p. (Borat Sagdivey [fictitious character], Sacha Baron Cohen)</subfield>
  </datafield>
  <datafield tag="670" ind1=" " ind2=" ">
    <subfield code="a">"Is it 'cos I's black?", c2007:</subfield>
    <subfield code="b">p. 7 (Ali G, Sacha Baron Cohen's parody; full name, Alistair Graham)</subfield>
  </datafield>
</record>